<record><leader>00000cas a2200000Ma 4500</leader><controlfield tag="001">10896011</controlfield><controlfield tag="008">840628d18381859nhuwr ne      0    0eng d</controlfield><datafield ind1=" " ind2=" " tag="010"><subfield code="a">sn 84023608 </subfield></datafield><datafield ind1=" " ind2=" " tag="040"><subfield code="a">AQM</subfield><subfield code="b">eng</subfield><subfield code="c">AQM</subfield><subfield code="d">OCLCQ</subfield></datafield><datafield ind1="0" ind2="0" tag="245"><subfield code="a">Coos County Democrat.</subfield></datafield><datafield ind1=" " ind2=" " tag="260"><subfield code="a">Lancaster, N.H. :</subfield><subfield code="b">Rix &amp; Whittemore</subfield></datafield><datafield ind1=" " ind2=" " tag="300"><subfield code="a">v.</subfield></datafield><datafield ind1=" " ind2=" " tag="310"><subfield code="a">Weekly</subfield></datafield><datafield ind1="1" ind2=" " tag="362"><subfield code="a">Began with Sept. 11, 1838 issue; ceased in 1859.</subfield><subfield code="z">Cf. Amer. newspapers, 1821-1936.</subfield></datafield><datafield ind1=" " ind2=" " tag="500"><subfield code="a">Editors: J. Rix, 1838-1856; J. Williams, &lt;1856&gt;.</subfield></datafield><datafield ind1=" " ind2=" " tag="500"><subfield code="a">Publishers: J. Whittemore, &lt;1841-1842&gt;; J. Rix, &lt;1844-1856&gt;; C. Johnson &amp; Co., &lt;1858&gt;.</subfield></datafield><datafield ind1=" " ind2=" " tag="500"><subfield code="a">Printer: Amos F. Abbott, &lt;1844&gt;.</subfield></datafield><datafield ind1=" " ind2=" " tag="500"><subfield code="a">"Democratic."</subfield></datafield><datafield ind1=" " ind2=" " tag="588"><subfield code="a">Description based on: Vol. 1, no. 5 (Oct. 9, 1838).</subfield></datafield><datafield ind1=" " ind2="7" tag="655"><subfield code="a">Newspapers.</subfield><subfield code="2">rbgenr</subfield></datafield><datafield ind1="1" ind2=" " tag="700"><subfield code="a">Williams, Jared Irving,</subfield><subfield code="d">1832-1914.</subfield></datafield><datafield ind1="1" ind2=" " tag="700"><subfield code="a">Rix, James M.</subfield></datafield><datafield ind1=" " ind2=" " tag="752"><subfield code="a">United States</subfield><subfield code="b">New Hampshire</subfield><subfield code="c">Coos</subfield><subfield code="d">Lancaster.</subfield></datafield><datafield ind1="0" ind2="0" tag="785"><subfield code="t">Coos County Democrat and northern press</subfield><subfield code="w">(DLC)sn 84023609</subfield></datafield></record>